@article{WCT14,
  author={Lei Wang and Philippe Corboz and Matthias Troyer},
  title={Fermionic quantum critical point of spinless fermions on a honeycomb lattice},
  journal={New Journal of Physics},
  volume={16},
  number={10},
  pages={103008},
  url={http://stacks.iop.org/1367-2630/16/i=10/a=103008},
  year={2014}
}


@article{DCH14,
  title = {Interaction-induced anomalous quantum Hall state on the honeycomb lattice},
  author = {\DJ{}uri\'c, Tanja and Chancellor, Nicholas and Herbut, Igor F.},
  journal = {Phys. Rev. B},
  volume = {89},
  issue = {16},
  pages = {165123},
  numpages = {9},
  year = {2014},
  month = {Apr},
  publisher = {American Physical Society},
  doi = {10.1103/PhysRevB.89.165123},
  url = {http://link.aps.org/doi/10.1103/PhysRevB.89.165123}
}


@article{DH14,
  title = {Phases of correlated spinless fermions on the honeycomb lattice},
  author = {Daghofer, Maria and Hohenadler, Martin},
  journal = {Phys. Rev. B},
  volume = {89},
  issue = {3},
  pages = {035103},
  numpages = {8},
  year = {2014},
  month = {Jan},
  publisher = {American Physical Society},
  doi = {10.1103/PhysRevB.89.035103},
  url = {http://link.aps.org/doi/10.1103/PhysRevB.89.035103}
}

@article{GCC13,
  title = {Charge instabilities and topological phases in the extended Hubbard model on the honeycomb lattice with enlarged unit cell},
  author = {Grushin, Adolfo G. and Castro, Eduardo V. and Cortijo, Alberto and de Juan, Fernando and Vozmediano, Mar\'\ia A. H. and Valenzuela, Bel\'en},
  journal = {Phys. Rev. B},
  volume = {87},
  issue = {8},
  pages = {085136},
  numpages = {8},
  year = {2013},
  month = {Feb},
  publisher = {American Physical Society},
  doi = {10.1103/PhysRevB.87.085136},
  url = {http://link.aps.org/doi/10.1103/PhysRevB.87.085136}
}



@article{GGNVC13,
  title = {Interaction-driven phases in the half-filled spinless honeycomb lattice from exact diagonalization},
  author = {Garc\'ia-Mart\'inez, Noel A. and Grushin, Adolfo G. and Neupert, Titus and Valenzuela, Bel\'en and Castro, Eduardo V.},
  journal = {Phys. Rev. B},
  volume = {88},
  issue = {24},
  pages = {245123},
  numpages = {7},
  year = {2013},
  month = {Dec},
  publisher = {American Physical Society},
  doi = {10.1103/PhysRevB.88.245123},
  url = {http://link.aps.org/doi/10.1103/PhysRevB.88.245123}
}



@article{WF10,
  title = {Interaction-driven instabilities of a Dirac semimetal},
  author = {Weeks, C. and Franz, M.},
  journal = {Phys. Rev. B},
  volume = {81},
  issue = {8},
  pages = {085105},
  numpages = {8},
  year = {2010},
  month = {Feb},
  publisher = {American Physical Society},
  doi = {10.1103/PhysRevB.81.085105},
  url = {http://link.aps.org/doi/10.1103/PhysRevB.81.085105}
}



@article{RQHZ08,
  title = {Topological Mott Insulators},
  author = {Raghu, S. and Qi, Xiao-Liang and Honerkamp, C. and Zhang, Shou-Cheng},
  journal = {Phys. Rev. Lett.},
  volume = {100},
  issue = {15},
  pages = {156401},
  numpages = {4},
  year = {2008},
  month = {Apr},
  publisher = {American Physical Society},
  doi = {10.1103/PhysRevLett.100.156401},
  url = {http://link.aps.org/doi/10.1103/PhysRevLett.100.156401}
}


@article{TBT12,
	Author = {Tani, S. and Blanchard, F. and Tanaka, K.},
	Date-Modified = {2013-09-11 03:05:30 +0000},
	Doi = {10.1103/PhysRevLett.109.166603},
	Issue = {16},
	Journal = {Phys. Rev. Lett.},
	Month = {Oct},
	Numpages = {5},
	Pages = {166603},
	Publisher = {American Physical Society},
	Title = {Ultrafast Carrier Dynamics in Graphene under a High Electric Field},
	Volume = {109},
	Year = {2012},
	Bdsk-Url-1 = {http://dx.doi.org/10.1103/PhysRevLett.109.166603}}

@article{LRG11,
	Author = {Lindner, N. H. and Refael, G. and Galitski, V.},
	Date-Modified = {2013-09-11 14:38:37 +0000},
	Journal = {Nature Phys.},
	Number = {6},
	Pages = {490--495},
	Publisher = {Nature Publishing Group},
	Title = {Floquet topological insulator in semiconductor quantum wells},
	Volume = {7},
	Year = {2011}}

@article{KOB11,
	Author = {Kitagawa, T. and Oka, T. and Brataas, A. and Fu, L. and Demler, E.},
	Date-Modified = {2013-09-11 14:40:13 +0000},
	Journal = {Phys. Rev. B},
	Number = {23},
	Pages = {235108},
	Publisher = {APS},
	Title = {Transport properties of nonequilibrium systems under the application of light: Photoinduced quantum Hall insulators without Landau levels},
	Volume = {84},
	Year = {2011}}

@article{inoue2010photoinduced,
	Author = {Inoue, J.-I. and Tanaka, A.},
	Date-Modified = {2013-09-11 14:42:43 +0000},
	Journal = {Phys. Rev. Lett.},
	Number = {1},
	Pages = {017401},
	Publisher = {APS},
	Title = {Photoinduced transition between conventional and topological insulators in two-dimensional electronic systems},
	Volume = {105},
	Year = {2010}}

@article{GFA11,
	Author = {Gu, Z. and Fertig, H. A. and Arovas, D. P. and Auerbach, A.},
	Date-Modified = {2013-09-11 15:23:18 +0000},
	Journal = {Phys. Rev. Lett.},
	Number = {21},
	Pages = {216601},
	Publisher = {APS},
	Title = {Floquet spectrum and transport through an irradiated graphene ribbon},
	Volume = {107},
	Year = {2011}}

@article{OA09,
	Author = {Oka, T. and Aoki, H.},
	Date-Modified = {2013-09-11 14:37:00 +0000},
	Journal = {Phys. Rev. B},
	Number = {8},
	Pages = {081406},
	Publisher = {APS},
	Title = {Photovoltaic Hall effect in graphene},
	Volume = {79},
	Year = {2009}}

@article{RZJ13,
	Author = {Rechtsman, M. C. and Zeuner, J. M. and Plotnik, Y. and Lumer, Y. and Podolsky, D. and Dreisow, F. and Nolte, S. and Segev, M. and Szameit, A.},
	Date-Modified = {2013-09-11 03:07:20 +0000},
	Journal = {Nature},
	Number = {7444},
	Pages = {196--200},
	Publisher = {Nature Publishing Group},
	Title = {Photonic Floquet topological insulators},
	Volume = {496},
	Year = {2013}}

@article{karch2011terahertz,
	Author = {Karch, J. and Drexler, C. and Olbrich, P. and Fehrenbacher, M. and Hirmer, M. and Glazov, M. M. and Tarasenko, S. A. and Ivchenko, E. L. and Birkner, B. and Eroms, J. et al.},
	Date-Modified = {2013-09-11 14:42:13 +0000},
	Journal = {Phys. Rev. Lett.},
	Number = {27},
	Pages = {276601},
	Publisher = {APS},
	Title = {Terahertz radiation driven chiral edge currents in graphene},
	Volume = {107},
	Year = {2011}}

@article{KLG12,
	Author = {Koghee, S. and Lim, L.-K. and Goerbig, M. O. and Smith, C. M.},
	Date-Modified = {2013-09-11 14:40:42 +0000},
	Journal = {Phys. Rev. A},
	Number = {2},
	Pages = {023637},
	Publisher = {APS},
	Title = {Merging and alignment of Dirac points in a shaken honeycomb optical lattice},
	Volume = {85},
	Year = {2012}}

@article{ICC13,
	Author = {Iadecola, T. and Campbell, D. and Chamon, C. and Hou, C.-Y. and Jackiw, R. and Pi, S.-Y. and Kusminskiy, S. V.},
	Date-Modified = {2013-09-11 15:21:49 +0000},
	Journal = {Phys. Rev. Lett.},
	Number = {17},
	Pages = {176603},
	Publisher = {APS},
	Title = {Materials Design from Nonequilibrium Steady States: Driven Graphene as a Tunable Semiconductor with Topological Properties},
	Volume = {110},
	Year = {2013}}

@article{GP13,
	Author = {Gomez-Leon, A. and Platero, G.},
	Date-Modified = {2013-09-11 15:22:22 +0000},
	Journal = {Phys. Rev. Lett.},
	Number = {20},
	Pages = {200403},
	Publisher = {APS},
	Title = {Floquet-Bloch theory and topology in periodically driven lattices},
	Volume = {110},
	Year = {2013}}

@article{KP13,
	Author = {Katan, Y. T. and Podolsky, D.},
	Date-Modified = {2013-09-11 14:39:50 +0000},
	Journal = {Phys. Rev. Lett.},
	Number = {1},
	Pages = {016802},
	Publisher = {APS},
	Title = {Modulated Floquet Topological Insulators},
	Volume = {110},
	Year = {2013}}

@article{DGP13a,
  title = {Merging of Dirac points and Floquet topological transitions in ac-driven graphene},
  author = {Delplace, Pierre and G\'omez-Le\'on, \'Alvaro and Platero, Gloria},
  journal = {Phys. Rev. B},
  volume = {88},
  issue = {24},
  pages = {245422},
  numpages = {8},
  year = {2013},
  month = {Dec},
  publisher = {American Physical Society},
  doi = {10.1103/PhysRevB.88.245422}
}

@article{DGP13b,
	Author = {G\'omez-Le\'on, \'A. and Delplace, P. and Platero, G.},
	Date-Modified = {2013-09-11 15:23:33 +0000},
	Journal = {arXiv:1309.5402},
	Title = {Engineering the Quantum Anomalous Hall Effect Plateaus with Electric Fields},
	Year = {2013}}

@article{WBR12,
	Author = {Wu, Y.-L. and Bernevig, B. A. and Regnault, N},
	Date-Modified = {2013-09-11 03:03:21 +0000},
	Journal = {Phys. Rev. B},
	Number = {7},
	Pages = {075116},
	Publisher = {APS},
	Title = {Zoology of fractional Chern insulators},
	Volume = {85},
	Year = {2012}}

@article{NSCM11,
	Author = {Neupert, T. and Santos, L. and Chamon, C. and Mudry, C.},
	Date-Modified = {2013-09-11 14:37:45 +0000},
	Journal = {Phys. Rev. Lett.},
	Number = {23},
	Pages = {236804},
	Publisher = {APS},
	Title = {Fractional quantum Hall states at zero magnetic field},
	Volume = {106},
	Year = {2011}}

@article{WSF11,
	Author = {Wehling, T.O. and {\c{S}}a{\c{s}}{\i}o{\u{g}}lu, E. and Friedrich, C. and Lichtenstein, A. and Katsnelson, M. and Bl{\"u}gel, S.},
	Date-Modified = {2013-09-11 03:02:53 +0000},
	Journal = {Phys. Rev. Lett.},
	Number = {23},
	Pages = {236805},
	Publisher = {APS},
	Title = {Strength of effective coulomb interactions in graphene and graphite},
	Volume = {106},
	Year = {2011}}

@article{BL13,
	Author = {Bergholtz, E. J. and Liu, Z.},
	Date-Modified = {2013-09-11 15:25:24 +0000},
	Doi = {10.1142/S021797921330017X},
	Journal = {Int. J. Mod. Phys. B},
	Pages = {1330017},
	Title = {Topological Flat Band Models and Fractional Chern Insulators},
	Volume = {27},
	Year = {2013},
	Bdsk-Url-1 = {http://dx.doi.org/10.1142/S021797921330017X}}

@article{PRS13,
	Author = {Parameswaran, S. A. and Roy, R. and Sondhi, S. L.},
	Date-Modified = {2013-09-11 03:08:26 +0000},
	Eprint = {arXiv:1302.6606},
	Title = {Fractional Quantum Hall Physics in Topological Flat Bands},
	Year = {2013}}

@article{SGS11,
	Author = {Sheng, D. and Gu, Z.-C. and Sun, K. and Sheng, L.},
	Date-Modified = {2013-09-11 03:06:09 +0000},
	Journal = {Nature Commun.},
	Pages = {389},
	Publisher = {Nature Publishing Group},
	Title = {Fractional quantum Hall effect in the absence of Landau levels},
	Volume = {2},
	Year = {2011}}

@article{RB11,
	Author = {Regnault, N. and Bernevig, B. A.},
	Date-Modified = {2013-09-11 03:07:49 +0000},
	Journal = {Phys. Rev. X},
	Number = {2},
	Pages = {021014},
	Publisher = {APS},
	Title = {Fractional chern insulator},
	Volume = {1},
	Year = {2011}}

@article{H88,
	Author = {Haldane, F. D. M.},
	Date-Modified = {2013-09-11 15:22:06 +0000},
	Journal = {Phys. Rev. Lett.},
	Number = {18},
	Pages = {2015--2018},
	Title = {Model for a quantum Hall effect without Landau levels: Condensed-matter realization of the``parity anomaly''},
	Volume = {61},
	Year = {1988}}

@article{TMW11,
	Author = {Tang, E. and Mei, J.-W. and Wen, X.-G.},
	Date-Modified = {2013-09-11 03:04:56 +0000},
	Journal = {Phys. Rev. Lett.},
	Number = {23},
	Pages = {236802},
	Publisher = {APS},
	Title = {High-temperature fractional quantum Hall states},
	Volume = {106},
	Year = {2011}}

@article{SGK11,
	Author = {Sun, K. and Gu, Z.-C. and Katsura, H. and Das Sarma, S.},
	Date-Modified = {2013-09-11 03:06:42 +0000},
	Journal = {Phys. Rev. Lett.},
	Number = {23},
	Pages = {236803},
	Publisher = {APS},
	Title = {Nearly flatbands with nontrivial topology},
	Volume = {106},
	Year = {2011}}

@article{KVD12,
	Author = {Kourtis, S. and Venderbos, J. W. and Daghofer, M.},
	Date-Modified = {2013-09-11 14:39:12 +0000},
	Journal = {Phys. Rev. B},
	Number = {23},
	Pages = {235118},
	Publisher = {APS},
	Title = {Fractional Chern insulator on a triangular lattice of strongly correlated t_2g electrons},
	Volume = {86},
	Year = {2012}}

@article{GMK12,
	Author = {Gomes, K. K. and Mar, W. and Ko, W. and Guinea, F. and Manoharan, H. C.},
	Date-Modified = {2013-09-11 15:22:58 +0000},
	Journal = {Nature},
	Number = {7389},
	Pages = {306--310},
	Publisher = {Nature Publishing Group},
	Title = {Designer Dirac fermions and topological phases in molecular graphene},
	Volume = {483},
	Year = {2012}}

@article{CZF13,
	Abstract = {The quantized version of the anomalous Hall effect has been predicted to occur in magnetic topological insulators, but the experimental realization has been challenging. Here, we report the observation of the quantum anomalous Hall (QAH) effect in thin films of chromium-doped (Bi,Sb)2Te3, a magnetic topological insulator. At zero magnetic field, the gate-tuned anomalous Hall resistance reaches the predicted quantized value of h/e2, accompanied by a considerable drop in the longitudinal resistance. Under a strong magnetic field, the longitudinal resistance vanishes, whereas the Hall resistance remains at the quantized value. The realization of the QAH effect may lead to the development of low-power-consumption electronics.},
	Author = {Chang, C.-Z. and Zhang, J. and Feng, X. and Shen, J. and Zhang, Z. and Guo, Minghua and Li, Kang and Ou, Yunbo and Wei, Pang and Wang, Li-Li and Ji, Zhong-Qing and Feng, Yang and Ji, Shuaihua and Chen, Xi and Jia, Jinfeng and Dai, Xi and Fang, Zhong and Zhang, S.-C. and He, K. and Wang, Y. and Lu, L. and Ma, X.-C. and Xue, Q.-K.},
	Date-Modified = {2013-09-11 15:24:25 +0000},
	Doi = {10.1126/science.1234414},
	Journal = {Science},
	Number = {6129},
	Pages = {167-170},
	Title = {Experimental Observation of the Quantum Anomalous Hall Effect in a Magnetic Topological Insulator},
	Volume = {340},
	Year = {2013},
	Bdsk-Url-1 = {http://dx.doi.org/10.1126/science.1234414}}

@book{BH13,
	Author = {B. Andrei Bernevig and Taylor L. Hughes},
	Publisher = {Princeton University Press},
	Title = {Topological Insulators and Topological Superconductors},
	Year = {2013}}

@article{GNC12,
	Author = {Grushin, A. G. and Neupert, T. and Chamon, C. and Mudry, C.},
	Date-Modified = {2013-09-11 15:22:36 +0000},
	Doi = {10.1103/PhysRevB.86.205125},
	Issue = {20},
	Journal = {Phys. Rev. B},
	Month = {Nov},
	Numpages = {10},
	Pages = {205125},
	Publisher = {American Physical Society},
	Title = {Enhancing the stability of a fractional Chern insulator against competing phases},
	Volume = {86},
	Year = {2012},
	Bdsk-Url-1 = {http://dx.doi.org/10.1103/PhysRevB.86.205125}}

@article{CBO10,
	Author = {McChesney, J. L. and Bostwick, A. and Ohta, T. and Seyller, T. and Horn, K. and Gonz{\'a}lez, J. and Rotenberg, E.},
	Date-Modified = {2013-09-11 15:24:51 +0000},
	Journal = {Phys. Rev. Lett.},
	Number = {13},
	Pages = {136803},
	Publisher = {APS},
	Title = {Extended van Hove singularity and superconducting instability in doped graphene},
	Volume = {104},
	Year = {2010}}

@article{UJM13,
	Author = {Uehlinger, T. and Jotzu, G. and Messer, M. and Greif, D. and Hofstetter, W. and Bissbort, U. and Esslinger, T.},
	Date-Modified = {2013-09-11 03:04:34 +0000},
	Journal = {arXiv preprint arXiv:1308.4401},
	Title = {Artificial graphene with tunable interactions},
	Year = {2013}}

@article{VKV12,
	Author = {Venderbos, J. and Kourtis, S. and van den Brink, J. and Daghofer, M.},
	Date-Modified = {2013-09-11 03:03:56 +0000},
	Journal = {Phys. Rev. Lett.},
	Number = {12},
	Pages = {126405},
	Publisher = {APS},
	Title = {Fractional Quantum-Hall Liquid Spontaneously Generated by Strongly Correlated t\_ $\{$2g$\}$ Electrons},
	Volume = {108},
	Year = {2012}}

@article{PJA10,
	Author = {Pachoud, A. and Jaiswal, M. and Ang, P. K. and Loh, K. P. and Oezyilmaz, B.},
	Date-Modified = {2013-09-11 03:09:04 +0000},
	Journal = {Europhys. Lett.},
	Number = {2},
	Pages = {27001},
	Publisher = {IOP Publishing},
	Title = {Graphene transport at high carrier densities using a polymer electrolyte gate},
	Volume = {92},
	Year = {2010}}

@book{LMF10,
	Author = {Lacroix, C. and Mendels, P. and Mila, F.},
	Date-Modified = {2013-09-11 14:38:54 +0000},
	Publisher = {Springer},
	Title = {Introduction to frustrated magnetism: Materials, experiments, theory},
	Volume = {164},
	Year = {2010}}

@article{NTDW85,
	Author = {Niu, Q. and Thouless, D. J. and Wu, Y.-S.},
	Date-Modified = {2013-09-11 14:37:25 +0000},
	Journal = {Phys. Rev. B},
	Number = {6},
	Pages = {3372},
	Publisher = {APS},
	Title = {Quantized Hall conductance as a topological invariant},
	Volume = {31},
	Year = {1985}}

@article{NSC12,
	Author = {Neupert, T. and Santos, L. and Chamon, C. and Mudry, C.},
	Date-Modified = {2013-09-11 14:38:16 +0000},
	Journal = {Phys. Rev. B},
	Pages = {165133},
	Publisher = {American Physical Society},
	Title = {Elementary formula for the Hall conductivity of interacting systems},
	Volume = {86},
	Year = {2012}}

@article{KD13,
	Author = {Kourtis, S. and Daghofer, M.},
	Date-Modified = {2013-09-11 14:41:01 +0000},
	Journal = {arXiv:1305.6948},
	Title = {Combined topological and Landau order from strong correlations in Chern bands},
	Year = {2013}}

@article{KS13,
	Author = {Kundu, A. and Seradjeh, B.},
	Date-Modified = {2013-09-11 14:39:32 +0000},
	Journal = {arXiv:1301.4433},
	Title = {Transport signatures of Floquet Majorana fermions in driven topological superconductors},
	Year = {2013}}

@article{WWZ89,
	Author = {Wen, X. G. and Wilczek, F. and Zee, A.},
	Date-Modified = {2013-09-11 03:01:53 +0000},
	Doi = {10.1103/PhysRevB.39.11413},
	Issue = {16},
	Journal = {Phys. Rev. B},
	Month = {Jun},
	Pages = {11413--11423},
	Publisher = {American Physical Society},
	Title = {Chiral spin states and superconductivity},
	Volume = {39},
	Year = {1989},
	Bdsk-Url-1 = {}}
	
@article{AFM11,
  title = {Seeing Topological Order in Time-of-Flight Measurements},
  author = {Alba, E. and Fernandez-Gonzalvo, X. and Mur-Petit, J. and Pachos, J. K. and Garcia-Ripoll, J. J.},
  journal = {Phys. Rev. Lett.},
  volume = {107},
  issue = {23},
  pages = {235301},
  numpages = {5},
  year = {2011},
  month = {Nov},
  doi = {10.1103/PhysRevLett.107.235301},
  url = {},
  publisher = {American Physical Society}
}

@article{SOW12,
  title = {Tunable Gauge Potential for Neutral and Spinless Particles in Driven Optical Lattices},
  author = {Struck, J. and \"Olschl\"ager, C. and Weinberg, M. and Hauke, P. and Simonet, J. and Eckardt, A. and Lewenstein, M. and Sengstock, K. and Windpassinger, P.},
  journal = {Phys. Rev. Lett.},
  volume = {108},
  issue = {22},
  pages = {225304},
  numpages = {5},
  year = {2012},
  month = {May},
  doi = {10.1103/PhysRevLett.108.225304},
  url = {},
  publisher = {American Physical Society}
}

@article{HT12,
  title = {Non-Abelian Gauge Fields and Topological Insulators in Shaken Optical Lattices},
  author = {Hauke, Philipp and Tieleman, Olivier and Celi, Alessio and \"Olschl\"ager, Christoph and Simonet, Juliette and Struck, Julian and Weinberg, Malte and Windpassinger, Patrick and Sengstock, Klaus and Lewenstein, Maciej and Eckardt, Andr\'e},
  journal = {Phys. Rev. Lett.},
  volume = {109},
  issue = {14},
  pages = {145301},
  numpages = {6},
  year = {2012},
  month = {Oct},
  doi = {10.1103/PhysRevLett.109.145301},
  url = {},
  publisher = {American Physical Society}
}

@article{DZF12,
  title = {Electrically tunable band gap in silicene},
  author = {Drummond, N. D. and Z\'olyomi, V. and Fal'ko, V. I.},
  journal = {Phys. Rev. B},
  volume = {85},
  issue = {7},
  pages = {075423},
  numpages = {7},
  year = {2012},
  month = {Feb},
  doi = {10.1103/PhysRevB.85.075423},
  url = {},
  publisher = {American Physical Society}
}

@article{GGN14,
  title = {Floquet Fractional Chern Insulators},
  author = {Grushin, Adolfo G. and G\'omez-Le\'on, \'Alvaro and Neupert, Titus},
  journal = {Phys. Rev. Lett.},
  volume = {112},
  issue = {15},
  pages = {156801},
  numpages = {5},
  year = {2014},
  month = {Apr},
  publisher = {American Physical Society},
  doi = {10.1103/PhysRevLett.112.156801},
  url = {}
}

@article{CD13,
  title = {Reaching Fractional Quantum Hall States with Optical Flux Lattices},
  author = {Cooper, Nigel R. and Dalibard, Jean},
  journal = {Phys. Rev. Lett.},
  volume = {110},
  issue = {18},
  pages = {185301},
  numpages = {5},
  year = {2013},
  month = {Apr},
  publisher = {American Physical Society},
  doi = {10.1103/PhysRevLett.110.185301},
  url = {}
}

@article{YGL13,
  title = {Realizing Fractional Chern Insulators in Dipolar Spin Systems},
  author = {Yao, N. Y. and Gorshkov, A. V. and Laumann, C. R. and L\"auchli, A. M. and Ye, J. and Lukin, M. D.},
  journal = {Phys. Rev. Lett.},
  volume = {110},
  issue = {18},
  pages = {185302},
  numpages = {5},
  year = {2013},
  month = {Apr},
  publisher = {American Physical Society},
  doi = {10.1103/PhysRevLett.110.185302},
  url = {}
}

@article{KNC14,
  title = {Fractional Chern Insulators with Strong Interactions that Far Exceed Band Gaps},
  author = {Kourtis, Stefanos and Neupert, Titus and Chamon, Claudio and Mudry, Christopher},
  journal = {Phys. Rev. Lett.},
  volume = {112},
  issue = {12},
  pages = {126806},
  numpages = {5},
  year = {2014},
  month = {Mar},
  publisher = {American Physical Society},
  doi = {10.1103/PhysRevLett.112.126806},
  url = {}
}
@article{PT12,
  title = {Detection of symmetry-protected topological phases in one dimension},
  author = {Pollmann, Frank and Turner, Ari M.},
  journal = {Phys. Rev. B},
  volume = {86},
  issue = {12},
  pages = {125441},
  numpages = {13},
  year = {2012},
  month = {Sep},
  publisher = {American Physical Society},
  doi = {10.1103/PhysRevB.86.125441},
  url = {}
}

@article{ZMP13,
  title = {Topological Characterization of Fractional Quantum Hall Ground States from Microscopic Hamiltonians},
  author = {Zaletel, Michael P. and Mong, Roger S. K. and Pollmann, Frank},
  journal = {Phys. Rev. Lett.},
  volume = {110},
  issue = {23},
  pages = {236801},
  numpages = {5},
  year = {2013},
  month = {Jun},
  publisher = {American Physical Society},
  doi = {10.1103/PhysRevLett.110.236801},
  url = {}
}
@article{HSC14,
  title = {Obtaining topological degenerate ground states by the density matrix renormalization group},
  author = {He, Yin-Chen and Sheng, D. N. and Chen, Yan},
  journal = {Phys. Rev. B},
  volume = {89},
  issue = {7},
  pages = {075110},
  numpages = {9},
  year = {2014},
  month = {Feb},
  publisher = {American Physical Society},
  doi = {10.1103/PhysRevB.89.075110},
  url = {}
}

@article{LH08,
  title = {Entanglement Spectrum as a Generalization of Entanglement Entropy: Identification of Topological Order in Non-Abelian Fractional Quantum Hall Effect States},
  author = {Li, Hui and Haldane, F. D. M.},
  journal = {Phys. Rev. Lett.},
  volume = {101},
  issue = {1},
  pages = {010504},
  numpages = {4},
  year = {2008},
  month = {Jul},
  publisher = {American Physical Society},
  doi = {10.1103/PhysRevLett.101.010504},
  url = {}
}

@article{KP06,
  title = {Topological Entanglement Entropy},
  author = {Kitaev, Alexei and Preskill, John},
  journal = {Phys. Rev. Lett.},
  volume = {96},
  issue = {11},
  pages = {110404},
  numpages = {4},
  year = {2006},
  month = {Mar},
  publisher = {American Physical Society},
  doi = {10.1103/PhysRevLett.96.110404},
  url = {}
}

@article{LW06,
  title = {Detecting Topological Order in a Ground State Wave Function},
  author = {Levin, Michael and Wen, Xiao-Gang},
  journal = {Phys. Rev. Lett.},
  volume = {96},
  issue = {11},
  pages = {110405},
  numpages = {4},
  year = {2006},
  month = {Mar},
  publisher = {American Physical Society},
  doi = {10.1103/PhysRevLett.96.110405},
  url = {}
}

@article{AHB11,
  title = {Trace index and spectral flow in the entanglement spectrum of topological insulators},
  author = {Alexandradinata, A. and Hughes, Taylor L. and Bernevig, B. Andrei},
  journal = {Phys. Rev. B},
  volume = {84},
  issue = {19},
  pages = {195103},
  numpages = {19},
  year = {2011},
  month = {Nov},
  publisher = {American Physical Society},
  doi = {10.1103/PhysRevB.84.195103},
  url = {}
}

@article{GCS12,
  title = {Fractional Topological Phases and Broken Time-Reversal Symmetry in Strained Graphene},
  author = {Ghaemi, Pouyan and Cayssol, J\'er\^ome and Sheng, D. N. and Vishwanath, Ashvin},
  journal = {Phys. Rev. Lett.},
  volume = {108},
  issue = {26},
  pages = {266801},
  numpages = {6},
  year = {2012},
  month = {Jun},
  publisher = {American Physical Society},
  doi = {10.1103/PhysRevLett.108.266801},
  url = {}
}

@article{M08,
Author = {I. P. McCulloch},
Title = {Infinite size density matrix renormalization group, revisited},
Year = {2008},
journal = {arXiv:0804.2509},
}

@article{KZM13,
  title = {Phase diagram of the anisotropic spin-2 XXZ model: Infinite-system density matrix
renormalization group study},
  author = {Jonas A. Kjall and Michael P. Zaletel and Roger S. K. Mong and Jens H. Bardarson and Frank Pollmann},
  journal = {Phys. Rev. B},
  volume = {87},
  issue = {},
  pages = {235106},
  numpages = {5},
  year = {2013},
  month = {},
  publisher = {American Physical Society},
  doi = {10.1103/PhysRevB.87.235106},
  url = {}
}
@article{FRN08,
  title = {Density Matrix Renormalization Group Study of Incompressible Fractional Quantum Hall States},
  author = {Feiguin, A. E. and Rezayi, E. and Nayak, C. and Das Sarma, S.},
  journal = {Phys. Rev. Lett.},
  volume = {100},
  issue = {16},
  pages = {166803},
  numpages = {4},
  year = {2008},
  month = {Apr},
  publisher = {American Physical Society},
  doi = {10.1103/PhysRevLett.100.166803},
  url = {}
}
@article{L83,
  title = {Anomalous Quantum Hall Effect: An Incompressible Quantum Fluid with Fractionally Charged Excitations},
  author = {Laughlin, R. B.},
  journal = {Phys. Rev. Lett.},
  volume = {50},
  issue = {18},
  pages = {1395--1398},
  numpages = {0},
  year = {1983},
  month = {May},
  publisher = {American Physical Society},
  doi = {10.1103/PhysRevLett.50.1395},
  url = {}
}
@article{L81,
  title = {Quantized Hall conductivity in two dimensions},
  author = {Laughlin, R. B.},
  journal = {Phys. Rev. B},
  volume = {23},
  issue = {10},
  pages = {5632--5633},
  numpages = {0},
  year = {1981},
  month = {May},
  publisher = {American Physical Society},
  doi = {10.1103/PhysRevB.23.5632},
  url = {}
}
@article{WRB13a,
  title = {Bloch Model Wave Functions and Pseudopotentials for All Fractional Chern Insulators},
  author = {Wu, Yang-Le and Regnault, N. and Bernevig, B. Andrei},
  journal = {Phys. Rev. Lett.},
  volume = {110},
  issue = {10},
  pages = {106802},
  numpages = {5},
  year = {2013},
  month = {Mar},
  publisher = {American Physical Society},
  doi = {10.1103/PhysRevLett.110.106802},
  url = {}
}
@article{WRB14,
  title = {Haldane statistics for fractional Chern insulators with an arbitrary Chern number},
  author = {Wu, Yang-Le and Regnault, N. and Bernevig, B. Andrei},
  journal = {Phys. Rev. B},
  volume = {89},
  issue = {15},
  pages = {155113},
  numpages = {17},
  year = {2014},
  month = {Apr},
  publisher = {American Physical Society},
  doi = {10.1103/PhysRevB.89.155113}
}

@article{SRB13,
  title = {Series of Abelian and non-Abelian states in <span class="aps-inline-formula"><math><mrow><mi>C</mi><mo>&gt;</mo><mn>1</mn></mrow></math></span> fractional Chern insulators},
  author = {Sterdyniak, A. and Repellin, C. and Bernevig, B. Andrei and Regnault, N.},
  journal = {Phys. Rev. B},
  volume = {87},
  issue = {20},
  pages = {205137},
  numpages = {6},
  year = {2013},
  month = {May},
  publisher = {American Physical Society},
  doi = {10.1103/PhysRevB.87.205137},
  url = {}
}
@article{LBF12,
  title = {Fractional Chern Insulators in Topological Flat Bands with Higher Chern Number},
  author = {Liu, Zhao and Bergholtz, Emil J. and Fan, Heng and L\"auchli, Andreas M.},
  journal = {Phys. Rev. Lett.},
  volume = {109},
  issue = {18},
  pages = {186805},
  numpages = {5},
  year = {2012},
  month = {Nov},
  publisher = {American Physical Society},
  doi = {10.1103/PhysRevLett.109.186805},
  url = {}
}
@article{WHC12,
  title = {Fractional quantum Hall effect in topological flat bands with Chern number two},
  author = {Wang, Yi-Fei and Yao, Hong and Gong, Chang-De and Sheng, D. N.},
  journal = {Phys. Rev. B},
  volume = {86},
  issue = {20},
  pages = {201101},
  numpages = {5},
  year = {2012},
  month = {Nov},
  publisher = {American Physical Society},
  doi = {10.1103/PhysRevB.86.201101},
  url = {}
}
@article{YGS12,
  title = {Topological flat band models with arbitrary Chern numbers},
  author = {Yang, Shuo and Gu, Zheng-Cheng and Sun, Kai and Das Sarma, S.},
  journal = {Phys. Rev. B},
  volume = {86},
  issue = {24},
  pages = {241112},
  numpages = {5},
  year = {2012},
  month = {Dec},
  publisher = {American Physical Society},
  doi = {10.1103/PhysRevB.86.241112},
  url = {}
}
@article{BQ12,
  title = {Topological Nematic States and Non-Abelian Lattice Dislocations},
  author = {Barkeshli, Maissam and Qi, Xiao-Liang},
  journal = {Phys. Rev. X},
  volume = {2},
  issue = {3},
  pages = {031013},
  numpages = {11},
  year = {2012},
  month = {Aug},
  publisher = {American Physical Society},
  doi = {10.1103/PhysRevX.2.031013},
  url = {}
}
@article{LLB12,
  title = {Hierarchy of Fractional Chern Insulators and Competing Compressible States},
  author = {L\"auchli, A. M. and Liu, Zhao and Bergholtz, E. J. and Moessner, R.},
  journal = {Phys. Rev. Lett.},
  volume = {111},
  issue = {12},
  pages = {126802},
  numpages = {5},
  year = {2013},
  month = {Sep},
  publisher = {American Physical Society},
  doi = {10.1103/PhysRevLett.111.126802},
  url = {}
}
@article{S94,
  title = {Renormalization-group approach to interacting fermions},
  author = {Shankar, R.},
  journal = {Rev. Mod. Phys.},
  volume = {66},
  issue = {1},
  pages = {129--192},
  numpages = {0},
  year = {1994},
  month = {Jan},
  publisher = {American Physical Society},
  doi = {10.1103/RevModPhys.66.129},
  url = {}
}
@book{F13,
	Author = {E. Fradkin},
	Publisher = {Cambridge University Press},
	Title = {Field Theories of Condensed Matter Physics},
	Year = {2013}
}	
@article{ZMP14,
Author = {Michael P. Zaletel and Roger S. K. Mong and Frank Pollmann},
Title = {Flux insertion, entanglement, and quantized responses},
Year = {2014},
journal = {arXiv:1405.6028},
}
@article{HZQ13,
  title = {Momentum polarization: An entanglement measure of topological spin and chiral central charge},
  author = {Tu, Hong-Hao and Zhang, Yi and Qi, Xiao-Liang},
  journal = {Phys. Rev. B},
  volume = {88},
  issue = {19},
  pages = {195412},
  numpages = {12},
  year = {2013},
  month = {Nov},
  publisher = {American Physical Society},
  doi = {10.1103/PhysRevB.88.195412},
  url = {}
}
@article{CV13,
  title = {Characterizing Topological Order by Studying the Ground States on an Infinite Cylinder},
  author = {Cincio, L. and Vidal, G.},
  journal = {Phys. Rev. Lett.},
  volume = {110},
  issue = {6},
  pages = {067208},
  numpages = {5},
  year = {2013},
  month = {Feb},
  publisher = {American Physical Society},
  doi = {10.1103/PhysRevLett.110.067208},
  url = {}
}
@article{W90,
  title = {Topological Order in Rigid States},
  author = {X. G. Wen},
  journal = {Int. J. Mod. Phys.},
  volume = {B4},
  issue = {},
  pages = {239},
  year = {1990}
}
@article{ZMP14,
Author = {Michael P. Zaletel and Roger S. K. Mong and Frank Pollmann},
Title = {Flux insertion, entanglement, and quantized responses},
journal ={arXiv: 1405.6028}
Year = {2014}
}
@article{MGP14,
  title = {},
  author = {Johannes Motruk and Adolfo G. Grushin and Frank Pollmann},
  journal = {In preparation},
  Year = {2014}
}
@article{ZKB13,
  title = {Bulk-edge correspondence in fractional Chern insulators},
  author = {Liu, Zhao and Kovrizhin, D. L. and Bergholtz, Emil J.},
  journal = {Phys. Rev. B},
  volume = {88},
  issue = {8},
  pages = {081106},
  numpages = {5},
  year = {2013},
  month = {Aug},
  publisher = {American Physical Society},
  doi = {10.1103/PhysRevB.88.081106}
}
@article{HSC14b,
  title = {Chiral Spin Liquid in a Frustrated Anisotropic Kagome Heisenberg Model},
  author = {He, Yin-Chen and Sheng, D.,N. and Chen, Yan},
  journal = {Phys. Rev. Lett.},
  volume = {112},
  issue = {13},
  pages = {137202},
  numpages = {5},
  year = {2014},
  month = {Apr},
  publisher = {American Physical Society},
  doi = {10.1103/PhysRevLett.112.137202}
}
@article{JWB12,
  author = {Jiang, H.-C. and Wang, Z. and Balents, L.},
  title = {Identifying topological order by entanglement entropy},
  journal = {Nature Physics},
  eprint = {1205.4289},
  year = 2012,
  month = dec,
  volume = 8,
  pages = {902-905},
  doi = {10.1038/nphys2465}
}
@article{HSD07,
  title = {Fractional quantum Hall effect in optical lattices},
  author = {Hafezi, M. and S\o{}rensen, A. S. and Demler, E. and Lukin, M. D.},
  journal = {Phys. Rev. A},
  volume = {76},
  issue = {2},
  pages = {023613},
  numpages = {16},
  year = {2007},
  month = {Aug},
  publisher = {American Physical Society},
  doi = {10.1103/PhysRevA.76.023613}
}
@article{SRM12,
  title = {Particle entanglement spectra for quantum Hall states on lattices},
  author = {Sterdyniak, Antoine and Regnault, Nicolas and M\"oller, Gunnar},
  journal = {Phys. Rev. B},
  volume = {86},
  issue = {16},
  pages = {165314},
  numpages = {10},
  year = {2012},
  month = {Oct},
  publisher = {American Physical Society},
  doi = {10.1103/PhysRevB.86.165314}
}

@article{Pollmann-2009,
  title = {Theory of Finite-Entanglement Scaling at One-Dimensional Quantum Critical Points},
  author = {Pollmann, Frank and Mukerjee, Subroto and Turner, Ari M. and Moore, Joel E.},
  journal = {Phys. Rev. Lett.},
  volume = {102},
  issue = {25},
  pages = {255701},
  numpages = {4},
  year = {2009},
  month = {Jun},
  publisher = {American Physical Society},
  doi = {10.1103/PhysRevLett.102.255701},
}

@article{Tagliacozzo-2008,
  title = {Scaling of entanglement support for matrix product states},
  author = {Tagliacozzo, L. and de Oliveira, Thiago. R. and Iblisdir, S. and Latorre, J. I.},
  journal = {Phys. Rev. B},
  volume = {78},
  issue = {2},
  pages = {024410},
  numpages = {14},
  year = {2008},
  month = {Jul},
  publisher = {American Physical Society},
  doi = {10.1103/PhysRevB.78.024410},
}
@article{W92,
  title = {Density matrix formulation for quantum renormalization groups},
  author = {White, Steven R.},
  journal = {Phys. Rev. Lett.},
  volume = {69},
  issue = {19},
  pages = {2863--2866},
  numpages = {0},
  year = {1992},
  month = {Nov},
  publisher = {American Physical Society},
  doi = {10.1103/PhysRevLett.69.2863}
}
@article{ZSH13,
  title = {Minimal entangled states and modular matrix for fractional quantum Hall effect in topological flat bands},
  author = {Zhu, W. and Sheng, D. N. and Haldane, F. D. M.},
  journal = {Phys. Rev. B},
  volume = {88},
  issue = {3},
  pages = {035122},
  numpages = {6},
  year = {2013},
  month = {Jul},
  publisher = {American Physical Society},
  doi = {10.1103/PhysRevB.88.035122}
}
%FQHE on a lattice:
@article{SAD05,
  title = {Fractional Quantum Hall States of Atoms in Optical Lattices},
  author = {S\o{}rensen, Anders S. and Demler, Eugene and Lukin, Mikhail D.},
  journal = {Phys. Rev. Lett.},
  volume = {94},
  issue = {8},
  pages = {086803},
  numpages = {4},
  year = {2005},
  month = {Mar},
  publisher = {American Physical Society},
  doi = {10.1103/PhysRevLett.94.086803}
}
@article{KR93,
  title = {Fractional quantum Hall effect in a periodic potential},
  author = {Kol, A. and Read, N.},
  journal = {Phys. Rev. B},
  volume = {48},
  issue = {12},
  pages = {8890--8898},
  numpages = {0},
  year = {1993},
  month = {Sep},
  publisher = {American Physical Society},
  doi = {10.1103/PhysRevB.48.8890}
}
@article{PJ06,
  title = {High-Field Fractional Quantum Hall Effect in Optical Lattices},
  author = {Palmer, R. N. and Jaksch, D.},
  journal = {Phys. Rev. Lett.},
  volume = {96},
  issue = {18},
  pages = {180407},
  numpages = {4},
  year = {2006},
  month = {May},
  publisher = {American Physical Society},
  doi = {10.1103/PhysRevLett.96.180407}
}
@article{MC09,
  title = {Composite Fermion Theory for Bosonic Quantum Hall States on Lattices},
  author = {M\"oller, G. and Cooper, N. R.},
  journal = {Phys. Rev. Lett.},
  volume = {103},
  issue = {10},
  pages = {105303},
  numpages = {4},
  year = {2009},
  month = {Sep},
  publisher = {American Physical Society},
  doi = {10.1103/PhysRevLett.103.105303}
}
@article{SS14,
   author = {Scaffidi, T. and Simon, S.~H.},
    title = "{Exact Solutions of Fractional Chern Insulators: Interacting Particles in the Hofstadter Model at Finite Size}",
  journal = {ArXiv e-prints},
archivePrefix = "arXiv",
   eprint = {1407.1321},
 primaryClass = "cond-mat.str-el",
 keywords = {Condensed Matter - Strongly Correlated Electrons, Condensed Matter - Mesoscale and Nanoscale Physics, Condensed Matter - Quantum Gases},
     year = 2014,
    month = jul
}
@article{Z14,
   author = {Zaletel, M.~P.},
    title = "{Detecting two dimensional symmetry protected topological order in a ground state wave function}",
  journal = {ArXiv e-prints},
archivePrefix = "arXiv",
   eprint = {1309.7387},
 primaryClass = "cond-mat.str-el",
 keywords = {Condensed Matter - Strongly Correlated Electrons},
     year = 2013,
    month = sep,
}
@article{HK10,
title = {Topological insulators},
author = {M. Z. Hasan and C. L. Kane},
journal = {Rev. Mod. Phys. },
volume = {82},
year = {2010},
pages = {3045}
}
@article{QZ11,
  title = {Topological insulators and superconductors},
  author = {Qi, Xiao-Liang and Zhang, Shou-Cheng},
  journal = {Rev. Mod. Phys.},
  volume = {83},
  issue = {4},
  pages = {1057--1110},
  numpages = {0},
  year = {2011},
  month = {Oct},
  publisher = {American Physical Society}
}
@BOOK{V03,
  title = {{The Universe in Helium Droplet}},
  publisher = {{Clarendon, Oxford, UK}},
  year = {2003},
  author = {G. E. Volovik},
  xseries = {I}
}
@ARTICLE{Nayak2008,
  author = {Nayak, Chetan and Simon, Steven H. and Stern, Ady and Freedman, Michael
	and Das Sarma, Sankar},
  title = {{Non-Abelian anyons and topological quantum computation}},
  journal = {Rev. Mod. Phys.},
  year = {2008},
  volume = {80},
  pages = {1083--1159},
  month = {Sep},
  doi = {10.1103/RevModPhys.80.1083},
  issue = {3},
  numpages = {0},
  publisher = {American Physical Society},
  Xurl = {http://link.aps.org/doi/10.1103/RevModPhys.80.1083}
}
@article{JGC13,
  title = {Effect of interactions on two-dimensional Dirac fermions},
  author = {Jia, Yongfei and Guo, Huaiming and Chen, Ziyu and Shen, Shun-Qing and Feng, Shiping},
  journal = {Phys. Rev. B},
  volume = {88},
  issue = {7},
  pages = {075101},
  numpages = {6},
  year = {2013},
  month = {Aug},
  publisher = {American Physical Society},
  doi = {10.1103/PhysRevB.88.075101}
}
@article{C00,
  title = {Solitons in carbon nanotubes},
  author = {Chamon, Claudio},
  journal = {Phys. Rev. B},
  volume = {62},
  issue = {4},
  pages = {2806--2812},
  year = {2000},
  month = {Jul},
  doi = {10.1103/PhysRevB.62.2806},
  publisher = {American Physical Society}
}
@article{HCM07,
  title = {Electron Fractionalization in Two-Dimensional Graphenelike Structures},
  author = {Hou, Chang-Yu and Chamon, Claudio and Mudry, Christopher},
  journal = {Phys. Rev. Lett.},
  volume = {98},
  issue = {18},
  pages = {186809},
  numpages = {4},
  year = {2007},
  month = {May},
  doi = {10.1103/PhysRevLett.98.186809},
  publisher = {American Physical Society}
}
@article{RH10,
  title = {Unconventional superconductivity on honeycomb lattice: Theory of Kekule order parameter},
  author = {Roy, Bitan and Herbut, Igor F.},
  journal = {Phys. Rev. B},
  volume = {82},
  issue = {3},
  pages = {035429},
  numpages = {7},
  year = {2010},
  month = {Jul},
  doi = {10.1103/PhysRevB.82.035429},
  publisher = {American Physical Society}
}
@article{RJH13,
  title = {Quantum superconducting criticality in graphene and topological insulators},
  author = {Roy, Bitan and Juricic, Vladimir and Herbut, Igor F.},
  journal = {Phys. Rev. B},
  volume = {87},
  issue = {4},
  pages = {041401},
  numpages = {4},
  year = {2013},
  month = {Jan},
  doi = {10.1103/PhysRevB.87.041401},
  publisher = {American Physical Society}
}
@article{CGV11,
  title = {Topological Fermi Liquids from Coulomb Interactions in the Doped Honeycomb Lattice},
  author = {Castro, Eduardo V. and Grushin, Adolfo G. and Valenzuela, Bel\'en and Vozmediano, Mar\'\ia A. H. and Cortijo, Alberto and de~Juan, Fernando},
  journal = {Phys. Rev. Lett.},
  volume = {107},
  issue = {10},
  pages = {106402},
  numpages = {4},
  year = {2011},
  month = {Sep},
  doi = {10.1103/PhysRevLett.107.106402},
  publisher = {American Physical Society}
}
@article{S94,
  title = {Renormalization-group approach to interacting fermions},
  author = {Shankar, R.},
  journal = {Rev. Mod. Phys.},
  volume = {66},
  issue = {1},
  pages = {129--192},
  numpages = {0},
  year = {1994},
  month = {Jan},
  publisher = {American Physical Society},
  doi = {10.1103/RevModPhys.66.129},
  url = {http://link.aps.org/doi/10.1103/RevModPhys.66.129}
}
@article{HF06,
  title = {Strong coupling theory of the spinless charges on triangular lattices: Possible formation of a gapless charge-ordered liquid},
  author = {Hotta, Chisa and Furukawa, Nobuo},
  journal = {Phys. Rev. B},
  volume = {74},
  issue = {19},
  pages = {193107},
  numpages = {4},
  year = {2006},
  month = {Nov},
  publisher = {American Physical Society},
  doi = {10.1103/PhysRevB.74.193107},
  url = {http://link.aps.org/doi/10.1103/PhysRevB.74.193107}
}
@article{MRF13,
  title = {Emergent Heavy Fermion Behavior at the Wigner-Mott Transition},
  author = {Merino, Jaime and Ralko, Arnaud and Fratini, Simone},
  journal = {Phys. Rev. Lett.},
  volume = {111},
  issue = {12},
  pages = {126403},
  numpages = {5},
  year = {2013},
  month = {Sep},
  publisher = {American Physical Society},
  doi = {10.1103/PhysRevLett.111.126403},
  url = {http://link.aps.org/doi/10.1103/PhysRevLett.111.126403}
}
@article{SF08,
  title = {Time-reversal symmetry breaking and spontaneous anomalous Hall effect in Fermi fluids},
  author = {Sun, Kai and Fradkin, Eduardo},
  journal = {Phys. Rev. B},
  volume = {78},
  issue = {24},
  pages = {245122},
  numpages = {17},
  year = {2008},
  month = {Dec},
  doi = {10.1103/PhysRevB.78.245122},
  url = {http://link.aps.org/doi/10.1103/PhysRevB.78.245122},
  publisher = {American Physical Society}
}
@article{SYF09,
  title = {Topological Insulators and Nematic Phases from Spontaneous Symmetry Breaking in 2D Fermi Systems with a Quadratic Band Crossing},
  author = {Sun, Kai and Yao, Hong and Fradkin, Eduardo and Kivelson, Steven A.},
  journal = {Phys. Rev. Lett.},
  volume = {103},
  issue = {4},
  pages = {046811},
  numpages = {4},
  year = {2009},
  month = {Jul},
  publisher = {American Physical Society},
  doi = {10.1103/PhysRevLett.103.046811},
  url = {http://link.aps.org/doi/10.1103/PhysRevLett.103.046811}
}
@ARTICLE{S14,
   author = {{Senthil}, T.},
    title = "{Symmetry Protected Topological phases of Quantum Matter}",
  journal = {arXiv:1405.4015},
     year = 2014
}
@article{CZF13,
author = {Chang, Cui-Zu and Zhang, Jinsong and Feng, Xiao and Shen, Jie and Zhang, Zuocheng and Guo, Minghua and Li, Kang and Ou, Yunbo and Wei, Pang and Wang, Li-Li and Ji, Zhong-Qing and Feng, Yang and Ji, Shuaihua and Chen, Xi and Jia, Jinfeng and Dai, Xi and Fang, Zhong and Zhang, Shou-Cheng and He, Ke and Wang, Yayu and Lu, Li and Ma, Xu-Cun and Xue, Qi-Kun}, 
title = {Experimental Observation of the Quantum Anomalous Hall Effect in a Magnetic Topological Insulator},
volume = {340}, 
number = {6129}, 
pages = {167-170}, 
year = {2013}, 
doi = {10.1126/science.1234414}, 
abstract ={The quantized version of the anomalous Hall effect has been predicted to occur in magnetic topological insulators, but the experimental realization has been challenging. Here, we report the observation of the quantum anomalous Hall (QAH) effect in thin films of chromium-doped (Bi,Sb)2Te3, a magnetic topological insulator. At zero magnetic field, the gate-tuned anomalous Hall resistance reaches the predicted quantized value of h/e2, accompanied by a considerable drop in the longitudinal resistance. Under a strong magnetic field, the longitudinal resistance vanishes, whereas the Hall resistance remains at the quantized value. The realization of the QAH effect may lead to the development of low-power-consumption electronics.}, 
journal = {Science} 
}






